@article{Keil2020,
    title = {{Contact Logger: Measuring everyday intergroup contact experiences in near-time}},
    year = {2020},
    journal = {Behavior Research Methods},
    author = {Keil, Tina F. and Koschate, Miriam and Levine, Mark},
    number = {4},
    pages = {1568--1586},
    volume = {52},
    publisher = {Behavior Research Methods},
    doi = {10.3758/s13428-019-01335-w},
    issn = {15543528},
    pmid = {31965475},
    keywords = {Ecological momentary assessment, Everyday contact, Experience sampling, Intergenerational contact, Intergroup contact, Mobile smartphone technology, Near-time data collection, Usability}
}

@article{Monden2015,
    title = {{Simultaneous decomposition of depression heterogeneity on the person-, symptom- and time-level: The use of three-mode principal component analysis}},
    year = {2015},
    journal = {PLoS ONE},
    author = {Monden, Rei and Wardenaar, Klaas J. and Stegeman, Alwin and Conradi, Henk Jan and De Jonge, Peter},
    number = {7},
    pages = {1--16},
    volume = {10},
    doi = {10.1371/journal.pone.0132765},
    issn = {19326203},
    pmid = {26177365}
}

@article{ODonnell2021,
    title = {{Technological and analytical advancements in intergroup contact research}},
    year = {2021},
    journal = {Journal of Social Issues},
    author = {O'Donnell, Alexander W. and Friehs, Maria Therese and Bracegirdle, Chloe and Z{\'{u}}{\~{n}}iga, Claudia and Watt, Susan Ellen and Barlow, Fiona Kate},
    number = {1},
    pages = {171--196},
    volume = {77},
    doi = {10.1111/josi.12424},
    issn = {15404560},
    keywords = {experience sampling methods, intergroup contact, longitudinal, media frames, social network analysis, virtual reality}
}